<?xml version="1.0" encoding="UTF-8"?>
<marc21:record xmlns:marc21="http://www.loc.gov/MARC21/slim" xmlns:xsi="http://www.w3.org/2001/XMLSchema-instance" xsi:schemaLocation="http://www.loc.gov/MARC21/slim http://www.loc.gov/standards/marcxml/schema/MARC21slim.xsd">
   <marc21:leader>00000nkmaa  000005ak4500</marc21:leader>
   <marc21:controlfield tag="008">000000|19901990xx|||||||||||||||||d</marc21:controlfield>
   <marc21:datafield ind1=" " ind2=" " tag="035">
      <marc21:subfield code="a">(DSI-AAA)16002</marc21:subfield>
   </marc21:datafield>
   <marc21:datafield ind1=" " ind2=" " tag="040">
      <marc21:subfield code="a">DSI-AAA</marc21:subfield>
      <marc21:subfield code="e">gihc</marc21:subfield>
   </marc21:datafield>
   <marc21:datafield ind1=" " ind2=" " tag="098">
      <marc21:subfield code="a">Archives of American Art</marc21:subfield>
      <marc21:subfield code="b">AAA</marc21:subfield>
   </marc21:datafield>
   <marc21:datafield ind1="1" ind2="0" tag="245">
      <marc21:subfield code="a">Artists, patrons and supporters of the Linda Farris Gallery gathered for its 20th anniversary</marc21:subfield>
   </marc21:datafield>
   <marc21:datafield ind1=" " ind2=" " tag="260">
      <marc21:subfield code="c">1990</marc21:subfield>
   </marc21:datafield>
   <marc21:datafield ind1=" " ind2=" " tag="300">
      <marc21:subfield code="a">1 photographic print  :</marc21:subfield>
      <marc21:subfield code="b">b&amp;w ;</marc21:subfield>
      <marc21:subfield code="c">25 x 20 cm.</marc21:subfield>
   </marc21:datafield>
   <marc21:datafield ind1=" " ind2=" " tag="520">
      <marc21:subfield code="a">Identification on label on verso (typewritten): Many of the gallery's artists, patrons and supporters gather to celebrate the 20th anniversary. Left to right: 1st row; Betty Hedreen, Linda Farris, John Kucher; 2nd row; Norie Sato, Kayla Skinner, Althea Stroum, Pepper Schwartz, Carol Schapira, Gwen Carlson, Cynthia Hartwig; 3rd row; Anne Gerber, Honey Dootson, Mary Alice Cooley, Nancy Mee, Jean Verville, Irene Mahler, Stan Carlson, Margery Aronson; 4th row; Nan Ketcham, Jane Davis, Carol Wright, Lee Rolfe, Katy Homans, Peter Donnelly; 5th row; Shawn Ferris, Mark Fuller, Linda Lu Cannon, Linda Gerrard, Walter Parsons, Michael Zielenziger, Sam Stroum, Chuck Katz, Howard Writght [sic], Bob Dootson, Chris Bruce; 6th row; Gary Gibson, Katherine Olson, Marshall Hatch, David Hewitt, Michael Levin, Judy Clifford, Susan Brotman, Marilyn Joyce, Bob Joyce, Stuart Rolfe, George Martin; 7th row; Bill Bascom, Jim Olson, Jan Bascom, Terry Axelrod, Alan Axelrod, Doug Norberg, Julie Benezett, Judy Tobin, Mary Ann Peters, Donna Benaroya, Bobby Street, Bill Street, Sherry Markovitz, Mike Hascall; 8th row; Keith Beckley, Julie Speidel, Jeffrey Bishop, Dennis Evans, Chris Watts, Louise Hoeschen-Goldberg, Lamar Efaw</marc21:subfield>
   </marc21:datafield>
   <marc21:datafield ind1=" " ind2=" " tag="561">
      <marc21:subfield code="a" />
   </marc21:datafield>
   <marc21:datafield ind1=" " ind2=" " tag="590">
      <marc21:subfield code="a" />
   </marc21:datafield>
   <marc21:datafield ind1=" " ind2="0" tag="610">
      <marc21:subfield code="a">Linda Farris Gallery</marc21:subfield>
      <marc21:subfield code="x" />
      <marc21:subfield code="2" />
   </marc21:datafield>
   <marc21:datafield ind1=" " ind2="7" tag="655">
      <marc21:subfield code="a">Photographs</marc21:subfield>
      <marc21:subfield code="x" />
      <marc21:subfield code="2">AAA</marc21:subfield>
   </marc21:datafield>
   <marc21:datafield ind1=" " ind2=" " tag="773">
      <marc21:subfield code="t">Linda Farris Gallery records</marc21:subfield>
      <marc21:subfield code="d">1969-1995</marc21:subfield>
   </marc21:datafield>
   <marc21:datafield ind1=" " ind2=" " tag="852">
      <marc21:subfield code="a">Archives of American Art, Smithsonian Institution</marc21:subfield>
      <marc21:subfield code="e">Washington, D.C. 20560</marc21:subfield>
   </marc21:datafield>
   <marc21:datafield ind1="4" ind2=" " tag="856">
      <marc21:subfield code="3">Record Link</marc21:subfield>
      <marc21:subfield code="u">http://www.aaa.si.edu/collections/items/detail/artists-patrons-and-supporters-linda-farris-gallery-gathered-its-20th-anniversary-16002</marc21:subfield>
   </marc21:datafield>
   <marc21:datafield ind1="4" ind2=" " tag="856">
      <marc21:subfield code="3">Thumbnail</marc21:subfield>
      <marc21:subfield code="u">http://www.aaa.si.edu/assets/images/lindfarr/thumbnail/AAA_lindfarr_47689.jpg</marc21:subfield>
      <marc21:subfield code="x" />
   </marc21:datafield>
   <marc21:datafield ind1="4" ind2=" " tag="856">
      <marc21:subfield code="3">Fullsize</marc21:subfield>
      <marc21:subfield code="u">http://www.aaa.si.edu/assets/images/lindfarr/fullsize/AAA_lindfarr_47689.jpg</marc21:subfield>
      <marc21:subfield code="x" />
   </marc21:datafield>
   <marc21:datafield ind1="4" ind2=" " tag="856">
      <marc21:subfield code="3">Thumbnail</marc21:subfield>
      <marc21:subfield code="u">http://www.aaa.si.edu/assets/images/lindfarr/thumbnail/AAA_lindfarr_47690.jpg</marc21:subfield>
      <marc21:subfield code="x">1</marc21:subfield>
   </marc21:datafield>
   <marc21:datafield ind1="4" ind2=" " tag="856">
      <marc21:subfield code="3">Fullsize</marc21:subfield>
      <marc21:subfield code="u">http://www.aaa.si.edu/assets/images/lindfarr/fullsize/AAA_lindfarr_47690.jpg</marc21:subfield>
      <marc21:subfield code="x">1</marc21:subfield>
   </marc21:datafield>
</marc21:record>

